@inbook{a,
  author    = {Neville H. Fletcher, Thomas D. Rossing},
  title = {The physics of musical instruments},
  year      = {1991},
  publisher = {Springer-Verlag},
  address   = {New York},
  pages     = {497--498}
}
@inbook{b,
  author    = {朗道，栗弗席兹；曹富新译},
  title = {理论物理学教程（第七卷）弹性理论},
  year      = {2009.3},
  publisher = {高等教育出版社},
  address   = {北京},
  pages     = {7--8}
}
@book{mathematicalmethod,
  author    = {吴崇试},
  title = {数学物理方法（第二版）},
  year      = {2003.12},
  publisher = {北京大学出版社},
  address   = {北京},
}
@inbook{specialfunction,
  author    = {王竹溪，郭敦仁},
  title = {特殊函数概论},
  year      = {2012.5},
  publisher = {北京大学出版社},
  address   = {北京},
  pages     = {305--308},
}
@inbook{phy_of_music,
  author    = {Neville H. Fletcher, Thomas D. Rossing},
  title = {The physics of musical instruments},
  year      = {1991},
  publisher = {Springer-Verlag},
  address   = {New York},
  pages     = {70--71}
}